@article{roth2014pyclone,
  title={PyClone: statistical inference of clonal population structure in cancer},
  author={Roth, Andrew and Khattra, Jaswinder and Yap, Damian and Wan, Adrian and Laks, Emma and Biele, Justina and Ha, Gavin and Aparicio, Samuel and Bouchard-C{\^o}t{\'e}, Alexandre and Shah, Sohrab P},
  journal={Nature methods},
  volume={11},
  number={4},
  pages={396--398},
  year={2014},
  publisher={Nature Publishing Group}
}
@article{el2015reconstruction,
  title={Reconstruction of clonal trees and tumor composition from multi-sample sequencing data},
  author={El-Kebir, Mohammed and Oesper, Layla and Acheson-Field, Hannah and Raphael, Benjamin J},
  journal={Bioinformatics},
  volume={31},
  number={12},
  pages={i62--i70},
  year={2015},
  publisher={Oxford Univ Press}
}
@article{kolmogoroff1931analytischen,
  title={{\"U}ber die analytischen Methoden in der Wahrscheinlichkeitsrechnung},
  author={Kolmogoroff, Andrei},
  journal={Mathematische Annalen},
  volume={104},
  number={1},
  pages={415--458},
  year={1931},
  publisher={Springer}
}
@article{williams2016identification,
  title={Identification of neutral tumor evolution across cancer types},
  author={Williams, Marc J and Werner, Benjamin and Barnes, Chris P and Graham, Trevor A and Sottoriva, Andrea},
  journal={Nature genetics},
  year={2016},
  publisher={Nature Publishing Group}
}
@article{nowell1976clonal,
  title={The clonal evolution of tumor cell populations},
  author={Nowell, Peter C},
  journal={Science},
  volume={194},
  number={4260},
  pages={23--28},
  year={1976},
  publisher={American Association for the Advancement of Science}
}
@article{cancer2012comprehensive,
  title={Comprehensive molecular portraits of human breast tumours},
  author={Cancer Genome Atlas Network and others},
  journal={Nature},
  volume={490},
  number={7418},
  pages={61--70},
  year={2012},
  publisher={Nature Publishing Group}
}
@article{ding2012clonal,
  title={Clonal evolution in relapsed acute myeloid leukaemia revealed by whole-genome sequencing},
  author={Ding, Li and Ley, Timothy J and Larson, David E and Miller, Christopher A and Koboldt, Daniel C and Welch, John S and Ritchey, Julie K and Young, Margaret A and Lamprecht, Tamara and McLellan, Michael D and others},
  journal={Nature},
  volume={481},
  number={7382},
  pages={506--510},
  year={2012},
  publisher={Nature Publishing Group}
}
@article{bashashati2013distinct,
  title={Distinct evolutionary trajectories of primary high-grade serous ovarian cancers revealed through spatial mutational profiling},
  author={Bashashati, Ali and Ha, Gavin and Tone, Alicia and Ding, Jiarui and Prentice, Leah M and Roth, Andrew and Rosner, Jamie and Shumansky, Karey and Kalloger, Steve and Senz, Janine and others},
  journal={The Journal of pathology},
  volume={231},
  number={1},
  pages={21--34},
  year={2013},
  publisher={Wiley Online Library}
}
@article{navin2011tumour,
  title={Tumour evolution inferred by single-cell sequencing},
  author={Navin, Nicholas and Kendall, Jude and Troge, Jennifer and Andrews, Peter and Rodgers, Linda and McIndoo, Jeanne and Cook, Kerry and Stepansky, Asya and Levy, Dan and Esposito, Diane and others},
  journal={Nature},
  volume={472},
  number={7341},
  pages={90--94},
  year={2011},
  publisher={Nature Publishing Group}
}
@article{carter2012absolute,
  title={Absolute quantification of somatic DNA alterations in human cancer},
  author={Carter, Scott L and Cibulskis, Kristian and Helman, Elena and McKenna, Aaron and Shen, Hui and Zack, Travis and Laird, Peter W and Onofrio, Robert C and Winckler, Wendy and Weir, Barbara A and others},
  journal={Nature biotechnology},
  volume={30},
  number={5},
  pages={413--421},
  year={2012},
  publisher={Nature Publishing Group}
}
@inproceedings{oesper2013inferring,
  title={Inferring intra-tumor heterogeneity from high-throughput dna sequencing data},
  author={Oesper, Layla and Mahmoody, Ahmad and Raphael, Benjamin J},
  booktitle={Annual International Conference on Research in Computational Molecular Biology},
  pages={171--172},
  year={2013},
  organization={Springer}
}
@article{ha2014titan,
  title={TITAN: inference of copy number architectures in clonal cell populations from tumor whole-genome sequence data},
  author={Ha, Gavin and Roth, Andrew and Khattra, Jaswinder and Ho, Julie and Yap, Damian and Prentice, Leah M and Melnyk, Nataliya and McPherson, Andrew and Bashashati, Ali and Laks, Emma and others},
  journal={Genome research},
  volume={24},
  number={11},
  pages={1881--1893},
  year={2014},
  publisher={Cold Spring Harbor Lab}
}
@article{miller2014sciclone,
  title={SciClone: inferring clonal architecture and tracking the spatial and temporal patterns of tumor evolution},
  author={Miller, Christopher A and White, Brian S and Dees, Nathan D and Griffith, Malachi and Welch, John S and Griffith, Obi L and Vij, Ravi and Tomasson, Michael H and Graubert, Timothy A and Walter, Matthew J and others},
  journal={PLoS Comput Biol},
  volume={10},
  number={8},
  pages={e1003665},
  year={2014},
  publisher={Public Library of Science}
}
@article{popic2015fast,
  title={Fast and scalable inference of multi-sample cancer lineages},
  author={Popic, Victoria and Salari, Raheleh and Hajirasouliha, Iman and Kashef-Haghighi, Dorna and West, Robert B and Batzoglou, Serafim},
  journal={Genome biology},
  volume={16},
  number={1},
  pages={1},
  year={2015},
  publisher={BioMed Central}
}
@article{niknafs2015subclonal,
  title={SubClonal Hierarchy Inference from Somatic Mutations: automatic reconstruction of cancer evolutionary trees from multi-region next generation sequencing},
  author={Niknafs, Noushin and Beleva-Guthrie, Violeta and Naiman, Daniel Q and Karchin, Rachel},
  journal={PLoS Comput Biol},
  volume={11},
  number={10},
  pages={e1004416},
  year={2015},
  publisher={Public Library of Science}
}
@article{jiao2014inferring,
  title={Inferring clonal evolution of tumors from single nucleotide somatic mutations},
  author={Jiao, Wei and Vembu, Shankar and Deshwar, Amit G and Stein, Lincoln and Morris, Quaid},
  journal={BMC bioinformatics},
  volume={15},
  number={1},
  pages={1},
  year={2014},
  publisher={BioMed Central}
}
@article{yuan2015bitphylogeny,
  title={BitPhylogeny: a probabilistic framework for reconstructing intra-tumor phylogenies},
  author={Yuan, Ke and Sakoparnig, Thomas and Markowetz, Florian and Beerenwinkel, Niko},
  journal={Genome biology},
  volume={16},
  number={1},
  pages={1},
  year={2015},
  publisher={BioMed Central}
}
@article{wright1931evolution,
  title={Evolution in Mendelian populations},
  author={Wright, Sewall},
  journal={Genetics},
  volume={16},
  number={2},
  pages={97--159},
  year={1931},
  publisher={Genetics Soc America}
}
@article{kimura1964diffusion,
  title={Diffusion models in population genetics},
  author={Kimura, Motoo},
  journal={Journal of Applied Probability},
  volume={1},
  number={2},
  pages={177--232},
  year={1964},
  publisher={JSTOR}
}
@article{fletcher1964function,
  title={Function minimization by conjugate gradients},
  author={Fletcher, Reeves and Reeves, Colin M},
  journal={The computer journal},
  volume={7},
  number={2},
  pages={149--154},
  year={1964},
  publisher={Br Computer Soc}
}
@article{bozic2010accumulation,
  title={Accumulation of driver and passenger mutations during tumor progression},
  author={Bozic, Ivana and Antal, Tibor and Ohtsuki, Hisashi and Carter, Hannah and Kim, Dewey and Chen, Sining and Karchin, Rachel and Kinzler, Kenneth W and Vogelstein, Bert and Nowak, Martin A},
  journal={Proceedings of the National Academy of Sciences},
  volume={107},
  number={43},
  pages={18545--18550},
  year={2010},
  publisher={National Acad Sciences}
}
@article{iwasa2006evolution,
  title={Evolution of resistance during clonal expansion},
  author={Iwasa, Yoh and Nowak, Martin A and Michor, Franziska},
  journal={Genetics},
  volume={172},
  number={4},
  pages={2557--2566},
  year={2006},
  publisher={Genetics Soc America}
}
@article{durrett2011intratumor,
  title={Intratumor heterogeneity in evolutionary models of tumor progression},
  author={Durrett, Rick and Foo, Jasmine and Leder, Kevin and Mayberry, John and Michor, Franziska},
  journal={Genetics},
  volume={188},
  number={2},
  pages={461--477},
  year={2011},
  publisher={Genetics Soc America}
}
@article{durrett2013population,
  title={Population genetics of neutral mutations in exponentially growing cancer cell populations},
  author={Durrett, Rick},
  journal={The annals of applied probability: an official journal of the Institute of Mathematical Statistics},
  volume={23},
  number={1},
  pages={230},
  year={2013},
  publisher={NIH Public Access}
}
@article{niknafs2015subclonal,
  title={SubClonal Hierarchy Inference from Somatic Mutations: automatic reconstruction of cancer evolutionary trees from multi-region next generation sequencing},
  author={Niknafs, Noushin and Beleva-Guthrie, Violeta and Naiman, Daniel Q and Karchin, Rachel},
  journal={PLoS Comput Biol},
  volume={11},
  number={10},
  pages={e1004416},
  year={2015},
  publisher={Public Library of Science}
}
@article{olver2010nist,
  title={NIST digital library of mathematical functions},
  author={Olver, FWJ and Lozier, DW and Boisvert, RF and Clark, CW},
  journal={Online companion to [65]: http://dlmf. nist. gov},
  year={2010}
}
@article{talevich2016cnvkit,
  title={CNVkit: genome-wide copy number detection and visualization from targeted DNA sequencing},
  author={Talevich, Eric and Shain, A Hunter and Botton, Thomas and Bastian, Boris C},
  journal={PLoS Comput Biol},
  volume={12},
  number={4},
  pages={e1004873},
  year={2016},
  publisher={Public Library of Science}
}
@article{zhu1997algorithm,
  title={Algorithm 778: L-BFGS-B: Fortran subroutines for large-scale bound-constrained optimization},
  author={Zhu, Ciyou and Byrd, Richard H and Lu, Peihuang and Nocedal, Jorge},
  journal={ACM Transactions on Mathematical Software (TOMS)},
  volume={23},
  number={4},
  pages={550--560},
  year={1997},
  publisher={ACM}
}
@article{lohr2014whole,
  title={Whole-exome sequencing of circulating tumor cells provides a window into metastatic prostate cancer},
  author={Lohr, Jens G and Adalsteinsson, Viktor A and Cibulskis, Kristian and Choudhury, Atish D and Rosenberg, Mara and Cruz-Gordillo, Peter and Francis, Joshua M and Zhang, Cheng-Zhong and Shalek, Alex K and Satija, Rahul and others},
  journal={Nature biotechnology},
  volume={32},
  number={5},
  pages={479--484},
  year={2014},
  publisher={Nature Research}
}
@article{murtaza2013non,
  title={Non-invasive analysis of acquired resistance to cancer therapy by sequencing of plasma DNA},
  author={Murtaza, Muhammed and Dawson, Sarah-Jane and Tsui, Dana WY and Gale, Davina and Forshew, Tim and Piskorz, Anna M and Parkinson, Christine and Chin, Suet-Feung and Kingsbury, Zoya and Wong, Alvin SC and others},
  journal={Nature},
  volume={497},
  number={7447},
  pages={108--112},
  year={2013},
  publisher={Nature Research}
}
@article{landau2014clonal,
  title={Clonal evolution in hematological malignancies and therapeutic implications},
  author={Landau, Dan A and Carter, Scott L and Getz, Gad and Wu, Catherine J},
  journal={Leukemia},
  volume={28},
  number={1},
  pages={34--43},
  year={2014},
  publisher={Nature Publishing Group}
}
@article{ideta2008mathematical,
  title={A mathematical model of intermittent androgen suppression for prostate cancer},
  author={Ideta, Aiko Miyamura and Tanaka, Gouhei and Takeuchi, Takumi and Aihara, Kazuyuki},
  journal={Journal of nonlinear science},
  volume={18},
  number={6},
  pages={593--614},
  year={2008},
  publisher={Springer}
}
@inproceedings{oesper2013inferring,
  title={Inferring intra-tumor heterogeneity from high-throughput dna sequencing data},
  author={Oesper, Layla and Mahmoody, Ahmad and Raphael, Benjamin J},
  booktitle={Annual International Conference on Research in Computational Molecular Biology},
  pages={171--172},
  year={2013},
  organization={Springer}
}
@article{cibulskis2013sensitive,
  title={Sensitive detection of somatic point mutations in impure and heterogeneous cancer samples},
  author={Cibulskis, Kristian and Lawrence, Michael S and Carter, Scott L and Sivachenko, Andrey and Jaffe, David and Sougnez, Carrie and Gabriel, Stacey and Meyerson, Matthew and Lander, Eric S and Getz, Gad},
  journal={Nature biotechnology},
  volume={31},
  number={3},
  pages={213--219},
  year={2013},
  publisher={Nature Research}
}
